<?xml version="1.0" encoding="UTF-8"?><collection xmlns="http://www.loc.gov/MARC21/slim"><record><leader>00419nam--2200145-i-4500</leader><controlfield tag="001">000038006</controlfield><controlfield tag="002">20161230</controlfield><controlfield tag="005">20161230201041</controlfield><controlfield tag="008">060222s1000------------r-----000-0-eng-d</controlfield><datafield ind1=" " ind2=" " tag="080"><subfield code="a">517.43:518.6:518.5</subfield></datafield><datafield ind1=" " ind2=" " tag="100"><subfield code="a">Ball,Louis B</subfield></datafield><datafield ind1=" " ind2=" " tag="245"><subfield code="a">Computational solution of nonlinear operator equations</subfield></datafield><datafield ind1=" " ind2=" " tag="260"><subfield code="a">New York, John Eiley &amp; Sons Inc.,1969. Viii + 225 P</subfield></datafield><datafield ind1=" " ind2=" " tag="852"><subfield code="a">36558</subfield><subfield code="c">517.5</subfield></datafield><datafield ind1=" " ind2=" " tag="CAT"><subfield code="a">Sys</subfield><subfield code="c">20080805</subfield><subfield code="h">125550</subfield></datafield></record></collection>